<record><leader>03338nam a2200433 i 4500</leader><controlfield tag="001">6800042</controlfield><controlfield tag="003">CaPaEBR</controlfield><controlfield tag="005">20150111173303.0</controlfield><controlfield tag="006">m    eo  d        </controlfield><controlfield tag="007">cr cn |||m|||a</controlfield><controlfield tag="008">150111s2015    nyub   foab   001 0 eng d</controlfield><datafield ind1=" " ind2=" " tag="020"><subfield code="a">9781631571961</subfield><subfield code="q">e-book</subfield></datafield><datafield ind1=" " ind2=" " tag="035"><subfield code="a">ocn900011223</subfield></datafield><datafield ind1=" " ind2=" " tag="039"><subfield code="a">exclude</subfield></datafield><datafield ind1=" " ind2=" " tag="040"><subfield code="a">CaBNVSL</subfield><subfield code="b">eng</subfield><subfield code="e">rda</subfield><subfield code="c">CaBNVSL</subfield><subfield code="d">CaBNVSL</subfield><subfield code="d">AEU</subfield></datafield><datafield ind1=" " ind2=" " tag="043"><subfield code="a">n-us---</subfield></datafield><datafield ind1=" " ind2="4" tag="050"><subfield code="a">HD8066</subfield><subfield code="b">.H644 2015</subfield></datafield><datafield ind1="0" ind2="4" tag="082"><subfield code="a">331.0973</subfield><subfield code="2">23</subfield></datafield><datafield ind1=" " ind2=" " tag="090"><subfield code="a">Internet Access</subfield><subfield code="b">AEU</subfield></datafield><datafield ind1="1" ind2=" " tag="100"><subfield code="a">Hogler, Raymond L.,</subfield><subfield code="e">author.</subfield></datafield><datafield ind1="1" ind2="0" tag="245"><subfield code="a">Employee relations :</subfield><subfield code="b">legal and political foundations /</subfield><subfield code="c">by Raymond L. Hogler.</subfield></datafield><datafield ind1=" " ind2="1" tag="264"><subfield code="a">New York, New York (222 East 46th Street, New York, NY 10017) :</subfield><subfield code="b">Business Expert Press,</subfield><subfield code="c">2015.</subfield></datafield><datafield ind1=" " ind2=" " tag="300"><subfield code="a">1 online resource (vii, 137 pages) :</subfield><subfield code="b">maps.</subfield></datafield><datafield ind1=" " ind2=" " tag="336"><subfield code="a">text</subfield><subfield code="2">rdacontent</subfield></datafield><datafield ind1=" " ind2=" " tag="337"><subfield code="a">computer</subfield><subfield code="2">rdamedia</subfield></datafield><datafield ind1=" " ind2=" " tag="338"><subfield code="a">online resource</subfield><subfield code="2">rdacarrier</subfield></datafield><datafield ind1="1" ind2=" " tag="490"><subfield code="a">Human resource management and organizational behavior collection,</subfield><subfield code="x">1946-5645</subfield></datafield><datafield ind1=" " ind2=" " tag="504"><subfield code="a">Includes bibliographical references and index.</subfield></datafield><datafield ind1="0" ind2=" " tag="505"><subfield code="a">1. Legal and political origins of the American employment system -- American "exceptionalism" briefly explained -- Major judicial developments -- Workers' compensation laws -- 2. Watershed legal developments in modern employment regulations -- Overview of the chapter -- From the great depression to the great recession: causes and consequences -- The National Labor Relations Act and collective bargaining practices -- Wage and hour laws -- Social security and unemployment -- 3. Workplace rights and regulation: safety and individual health care -- The Occupational Safety and Health Act -- Will the United States have a national health insurance program?</subfield></datafield><datafield ind1=" " ind2=" " tag="506"><subfield code="a">Access restricted to authorized users and institutions.</subfield></datafield><datafield ind1="3" ind2=" " tag="520"><subfield code="a">This book is designed as a supplement to courses in employment relations and human resource management. The book uses a historical perspective to study American employment. Chapter 1 focuses on the background prior to the New Deal revolution. An important part of that background was the idea of "employment-at-will," which permitted an employee without a fixed contract to quit work at any time, and permitted the employer to fire the employee at any time. This idea was so important that the U.S. Supreme Court created a constitutional rule prohibiting any legislative attempt to regulate work relations. The law now recognizes a number of exceptions to employment-at-will, and the Constitution has been reinterpreted to allow both state and federal laws regulating employment in many ways. Insurance to protect workers against on-the-job injuries came into existence in the 1920s, and its birth and development offer an interesting variation on modern regulation.</subfield></datafield><datafield ind1=" " ind2=" " tag="588"><subfield code="a">Title from PDF title page (viewed on January 11, 2015).</subfield></datafield><datafield ind1=" " ind2=" " tag="596"><subfield code="a">44</subfield></datafield><datafield ind1=" " ind2="0" tag="650"><subfield code="a">Industrial relations</subfield><subfield code="z">United States.</subfield></datafield><datafield ind1=" " ind2="0" tag="650"><subfield code="a">Labor laws and legislation</subfield><subfield code="z">United States.</subfield></datafield><datafield ind1=" " ind2="0" tag="830"><subfield code="a">Human resource management and organizational behavior collection.</subfield><subfield code="x">1946-5645</subfield></datafield><datafield ind1="4" ind2="0" tag="856"><subfield code="3">University of Alberta Access</subfield><subfield code="u">http://site.ebrary.com/lib/ualbertagep/Doc?id=11001847</subfield></datafield><datafield ind1=" " ind2=" " tag="949"><subfield code="h">UAIN</subfield><subfield code="z">EBRARYBEP</subfield></datafield><datafield ind1=" " ind2=" " tag="926"><subfield code="a">Internet Access</subfield><subfield code="w">LC</subfield><subfield code="c">1</subfield><subfield code="i">6800042-1001</subfield><subfield code="l">INTERNET</subfield><subfield code="m">UAINTERNET</subfield><subfield code="r">Y</subfield><subfield code="s">Y</subfield><subfield code="t">E-RESOURCE</subfield><subfield code="u">2/9/2015</subfield><subfield code="x">E-BOOK</subfield><subfield code="z">EBRARYBEP</subfield></datafield></record>